@BOOK{nativeMobileApps, 
author = {Lewis, Shaun and Dunn, Mike},
title = {Native Mobile Development},
year = {2019},
month = {11},
isbn = {9781492052876},
pages = {18-46}
}

@BOOK{reactNative,
author = {Akshat, Paul and Abhishek, Nalwaya},
year = {2019},
isbn = {978-1-4842-4454-8},
title = {React Native for Mobile Development}
}

@BOOK{pwa, 
author = {Ater, Tal},
year = {2017},
isbn = {978-1491961650},
title = {Building Progressive Web Apps: Bringing the Power of Native to the Browser},
edition = {1}
}

@BOOK{threads, 
author = {Marić, Miroslav},
yeat = {2017},
isbn = {978-7589-123-9},
edition = {2},
title = {Operativni sistemi},
pages = {64-70}}

@BOOK{dataAnalytics, 
author = {Maheshwari, Anil},
title = {Data Analytics Made Accessible},
year = {2020},
publisher = {Internet Archive},
url = {https://archive.org/details/data-analytics-made-accessible-by-anil-maheshwari-z-lib.org}
}

@BOOK{singleton,
author = {Gamma, Erich and Helm, Richard and Johnson, Ralph and Vlissides, John },
title = {Design Patterns: Elements of Reusable Object-Oriented Software},
edition = {1},
isbn = {978-0201633610},
year = {1994},
pages = {127-138}
}

@online{androidDocs, 
title = {{Android documentation}},
author = {{Android team}},
year = {2024},
howpublished = "\url{https://source.android.com/docs}",
url = {https://source.android.com/docs}
}

@online{iosDocs, 
title = {{iOS documentation}},
author = {{Apple team}},
year = {2024},
howpublished = "\url{https://developer.apple.com/documentation/}",
url = {https://developer.apple.com/documentation/}
}

@online{serviceWorkers,
title = {{Service workers}},
author = {{web.dev team}},
year = {2024},
howpublished = "\url{https://web.dev/learn/pwa/service-workers}",
url = {https://web.dev/learn/pwa/service-workers}
}

@online{crossPlatformApps, 
author = {{JetBrains team}},
title = {{Cross platform mobile applications}},
year = {2024},
howpublished = "\url{https://www.jetbrains.com/help/kotlin-multiplatform-dev/cross-platform-mobile-development.html}",
url = {https://www.jetbrains.com/help/kotlin-multiplatform-dev/cross-platform-mobile-development.html}
}

@online{ionicCordova,
author = {{Pagepro team}},
title = {{Ionic vs Cordova}},
year = {2024},
howpublished = "\url{https://pagepro.co/blog/react-native-vs-ionic-and-cordova-comparison/}",
url = {https://pagepro.co/blog/react-native-vs-ionic-and-cordova-comparison/}
}

@online{javaVsKotlin, 
author = {Bealdung},
title = {{Java VS Kotlin}},
year = {2024},
howpublished = "url{https://www.baeldung.com/kotlin/java-vs-kotlin}",
url = {https://www.baeldung.com/kotlin/java-vs-kotlin}
}

@online{swiftVsObjectiveC, 
author = {Netguru},
title = {{Swift vs Objective-C}},
year = {2024},
howpublished = "\url{https://www.netguru.com/blog/objective-c-vs-swift}",
url = {https://www.netguru.com/blog/objective-c-vs-swift}
}

@online{JSCore, 
author = {webkit.org},
title = {{JavaScriptCore engine}},
year = {2024},
howpublished = "\url{https://docs.webkit.org/Deep%20Dive/JSC/JavaScriptCore.html}",
url = {https://docs.webkit.org/Deep%20Dive/JSC/JavaScriptCore.html}
}

@online{JSON, 
author = {JSON Org},
title = {{JSON format}},
year = {2024},
howpublished = "\url{https://www.json.org/json-en.html}",
url = {https://www.json.org/json-en.html}
}

@online{RNArch,
author = {Medium},
title = {React Native architecture},
year = {2024},
howpublished = "\url{https://medium.com/@sohammehta56/react-native-old-and-new-architecture-61cefd6b9912}",
url = {https://medium.com/@sohammehta56/react-native-old-and-new-architecture-61cefd6b9912}
}

@online{WeatherAPI, 
author = {WeatherAPI},
title = {Weather API},
year = {2024},
howpublished = "\url{https://www.weatherapi.com}",
url = {https://www.weatherapi.com}
}

@online{Sentry,
author = {Sentry},
title = {Sentry platform},
year = {2024},
howpublished = "\url{https://docs.sentry.io}",
url = {https://docs.sentry.io}
}

@online{Flipper, 
author = {Flipper},
title = {React Native Flipper},
year = {2024},
howpublished = "\url{https://fbflipper.com/docs/features/react-native/}",
url = {https://fbflipper.com/docs/features/react-native/}
}

@online{SentryPerfMetrics,
author = {Sentry},
title = {Sentry performance metrics},
year = {2024},
howpublished = "\url{https://docs.sentry.io/platforms/react-native/performance/instrumentation/performance-metrics/}",
url = {https://docs.sentry.io/platforms/react-native/performance/instrumentation/performance-metrics/}
}

@online{flatList, 
title = {Deep dive into React Native's FlatList},
year = {2024},
howpublished = "\url{https://blog.logrocket.com/deep-dive-react-native-flatlist/}",
url = {https://blog.logrocket.com/deep-dive-react-native-flatlist/}
}

@online{RecyclerListView, 
title = "RecyclerListView component",
author = {Naqvi, Talha},
year = {2022},
howpublished = "\url{https://github.com/Flipkart/recyclerlistview}",
url = {https://github.com/Flipkart/recyclerlistview}
}

@online{FlashList, 
title = "FlashList component",
author = {Shopify},
year = {2022},
howpublished = "\url{https://shopify.github.io/flash-list/}",
url = {https://shopify.github.io/flash-list/}
}

@online{BigONotation, 
title = {Big O Notation Tutorial – A Guide to Big O Analysis},
author = {Geeks for Geeks},
year = {2024},
howpublished = "\url{https://www.geeksforgeeks.org/analysis-algorithms-big-o-analysis/}",
url = {https://www.geeksforgeeks.org/analysis-algorithms-big-o-analysis/}
}

@onine{Breadcrumbs,
title = {Breadcrumbs},
authro = {{Sentry team}},
year = {2024},
howpublished = "\url{https://docs.sentry.io/platforms/javascript/enriching-events/breadcrumbs/}",
url = {https://docs.sentry.io/platforms/javascript/enriching-events/breadcrumbs/}
}